% ArXiv references generated for Critique Council

@misc{arxiv_cho2022,
  author = {Zang-Hee Cho and Young-Don Son and Hyejin Jeong and Young-Bo Kim and Sun Ha Paek and Dae-Hwan Suk and Haigun Lee},
  title = {A New Approach to Quantum Computing Multi-Qubit Generation and
  Development of Quantum Computing Platform with Magnetic Resonance Imaging
  Techniques},
  year = {2022},
  month = 06,
  eprint = {2206.05932v4},
  archivePrefix = {arXiv},
  primaryClass = {quant-ph},
  url = {http://arxiv.org/abs/2206.05932v4},
}

@misc{arxiv_liu2020,
  author = {Ding Liu and Jiaqi Yao and Zekun Yao and Quan Zhang},
  title = {Quantum-Classical Machine learning by Hybrid Tensor Networks},
  year = {2020},
  month = 05,
  eprint = {2005.09428v2},
  archivePrefix = {arXiv},
  primaryClass = {cs.LG},
  url = {http://arxiv.org/abs/2005.09428v2},
}

@misc{arxiv_galda2021,
  author = {Alexey Galda and Michael Cubeddu and Naoki Kanazawa and Prineha Narang and Nathan Earnest-Noble},
  title = {Implementing a Ternary Decomposition of the Toffoli Gate on
  Fixed-FrequencyTransmon Qutrits},
  year = {2021},
  month = 09,
  eprint = {2109.00558v1},
  archivePrefix = {arXiv},
  primaryClass = {quant-ph},
  url = {http://arxiv.org/abs/2109.00558v1},
}

@misc{arxiv_zavatoneveth2023,
  author = {Jacob A. Zavatone-Veth and Sheng Yang and Julian A. Rubinfien and Cengiz Pehlevan},
  title = {Neural networks learn to magnify areas near decision boundaries},
  year = {2023},
  month = 01,
  eprint = {2301.11375v3},
  archivePrefix = {arXiv},
  primaryClass = {cs.LG},
  url = {http://arxiv.org/abs/2301.11375v3},
}

@misc{arxiv_kurapov2024,
  author = {Sergey Kurapov and Maxim Davidovsky},
  title = {Algorithmic methods of finite discrete structures. Topological graph
  drawing (part I)},
  year = {2024},
  month = 07,
  eprint = {2407.21564v1},
  archivePrefix = {arXiv},
  primaryClass = {math.CO},
  url = {http://arxiv.org/abs/2407.21564v1},
}

@misc{arxiv_buza2019,
  author = {Krisztian Buza},
  title = {Encouraging an Appropriate Representation Simplifies Training of Neural
  Networks},
  year = {2019},
  month = 11,
  eprint = {1911.07245v1},
  archivePrefix = {arXiv},
  primaryClass = {cs.LG},
  url = {http://arxiv.org/abs/1911.07245v1},
}

@misc{arxiv_grewal2024,
  author = {Monika Grewal and Henrike Westerveld and Peter A. N. Bosman and Tanja Alderliesten},
  title = {Multi-Objective Learning for Deformable Image Registration},
  year = {2024},
  month = 02,
  eprint = {2402.16658v1},
  archivePrefix = {arXiv},
  primaryClass = {eess.IV},
  url = {http://arxiv.org/abs/2402.16658v1},
}

@article{arxiv_morton2006,
  author = {John J. L. Morton and Alexei M. Tyryshkin and Arzhang Ardavan and Simon C. Benjamin and Kyriakos Porfyrakis and S. A. Lyon and G. Andrew D. Briggs},
  title = {Bang-bang control of fullerene qubits using ultra-fast phase gates},
  year = {2006},
  month = 01,
  journal = {Nature Physics 2, 40-43 (2006)},
  doi = {10.1038/nphys192},
  eprint = {0601008v2},
  archivePrefix = {arXiv},
  primaryClass = {quant-ph},
  url = {http://arxiv.org/abs/quant-ph/0601008v2},
}

@article{arxiv_jung2015,
  author = {Eylee Jung and DaeKil Park},
  title = {Mixedness and Entanglement in the presence of Localized Closed Timelike
  Curves},
  year = {2015},
  month = 06,
  journal = {Quantum Inf. Process, 15 (2016) 3055-3063},
  doi = {10.1007/s11128-016-1305-0},
  eprint = {1506.02333v3},
  archivePrefix = {arXiv},
  primaryClass = {hep-th},
  url = {http://arxiv.org/abs/1506.02333v3},
}

@misc{arxiv_huang2022,
  author = {Wentao Huang and Haizhang Zhang},
  title = {Convergence Analysis of Deep Residual Networks},
  year = {2022},
  month = 05,
  eprint = {2205.06571v1},
  archivePrefix = {arXiv},
  primaryClass = {cs.LG},
  url = {http://arxiv.org/abs/2205.06571v1},
}

@misc{arxiv_nelson2020,
  author = {Carl J. Nelson and Stephen Bonner},
  title = {Neuronal graphs: a graph theory primer for microscopic, functional
  networks of neurons recorded by Calcium imaging},
  year = {2020},
  month = 10,
  eprint = {2010.09601v1},
  archivePrefix = {arXiv},
  primaryClass = {q-bio.NC},
  url = {http://arxiv.org/abs/2010.09601v1},
}

@misc{arxiv_gokhale2019,
  author = {Pranav Gokhale and Jonathan M. Baker and Casey Duckering and Natalie C. Brown and Kenneth R. Brown and Frederic T. Chong},
  title = {Asymptotic Improvements to Quantum Circuits via Qutrits},
  year = {2019},
  month = 05,
  doi = {10.1145/3307650.3322253},
  eprint = {1905.10481v1},
  archivePrefix = {arXiv},
  primaryClass = {quant-ph},
  url = {http://arxiv.org/abs/1905.10481v1},
}

@misc{arxiv_latapy2017,
  author = {Matthieu Latapy and Tiphaine Viard and Cl√©mence Magnien},
  title = {Stream Graphs and Link Streams for the Modeling of Interactions over
  Time},
  year = {2017},
  month = 10,
  eprint = {1710.04073v1},
  archivePrefix = {arXiv},
  primaryClass = {cs.SI},
  url = {http://arxiv.org/abs/1710.04073v1},
}

@misc{arxiv_krishnan2024,
  author = {Jithin G. Krishnan and Chandrima B. Pushpan and Amit Kumar Pal},
  title = {Simultaneous cooling of qubits via a quantum absorption refrigerator and
  beyond},
  year = {2024},
  month = 10,
  eprint = {2410.15871v1},
  archivePrefix = {arXiv},
  primaryClass = {quant-ph},
  url = {http://arxiv.org/abs/2410.15871v1},
}

@misc{arxiv_papernot2016,
  author = {Nicolas Papernot and Patrick McDaniel and Ananthram Swami and Richard Harang},
  title = {Crafting Adversarial Input Sequences for Recurrent Neural Networks},
  year = {2016},
  month = 04,
  eprint = {1604.08275v1},
  archivePrefix = {arXiv},
  primaryClass = {cs.CR},
  url = {http://arxiv.org/abs/1604.08275v1},
}
