% ArXiv references generated for Critique Council

@misc{arxiv_esteves2018,
  author = {Luis G. Esteves and Rafael Izbicki and Rafael B. Stern and Julio M. Stern},
  title = {Pragmatic hypotheses in the evolution of science},
  year = {2018},
  month = 12,
  doi = {10.3390/e21090883},
  eprint = {1812.09998v1},
  archivePrefix = {arXiv},
  primaryClass = {stat.OT},
  url = {http://arxiv.org/abs/1812.09998v1},
}

@misc{arxiv_prieto2025,
  author = {Lucas Prieto and Melih Barsbey and Pedro A. M. Mediano and Tolga Birdal},
  title = {Grokking at the Edge of Numerical Stability},
  year = {2025},
  month = 01,
  eprint = {2501.04697v1},
  archivePrefix = {arXiv},
  primaryClass = {cs.LG},
  url = {http://arxiv.org/abs/2501.04697v1},
}

@misc{arxiv_jong2025,
  author = {Thomas Geert de Jong and Hirofumi Notsu and Kohei Nakajima},
  title = {Harnessing omnipresent oscillator networks as computational resource},
  year = {2025},
  month = 02,
  eprint = {2502.04818v2},
  archivePrefix = {arXiv},
  primaryClass = {cs.LG},
  url = {http://arxiv.org/abs/2502.04818v2},
}

@misc{arxiv_hahn2007,
  author = {Harry K. Hahn and Kay Schoenberger},
  title = {The ordered distribution of natural numbers on the square root spiral},
  year = {2007},
  month = 12,
  eprint = {0712.2184v2},
  archivePrefix = {arXiv},
  primaryClass = {math.GM},
  url = {http://arxiv.org/abs/0712.2184v2},
}

@article{arxiv_ghosh2024,
  author = {Subhendu B. Ghosh and Snehasish Roy Chowdhury and Ranendu Adhikary and Arup Roy and Tamal Guha},
  title = {Minimum Detection Efficiencies for Loophole-free Genuine Nonlocality
  Tests},
  year = {2024},
  month = 01,
  journal = {Phys. Rev. A 109, 052202 (2024)},
  doi = {10.1103/PhysRevA.109.052202},
  eprint = {2401.16134v2},
  archivePrefix = {arXiv},
  primaryClass = {quant-ph},
  url = {http://arxiv.org/abs/2401.16134v2},
}

@misc{arxiv_bouamra2009,
  author = {M. Bouamra and S. Hassani and J. -M. Maillard},
  title = {A birational mapping with a strange attractor: Post critical set and
  covariant curves},
  year = {2009},
  month = 06,
  doi = {10.1088/1751-8113/42/35/355101},
  eprint = {0906.2542v1},
  archivePrefix = {arXiv},
  primaryClass = {math-ph},
  url = {http://arxiv.org/abs/0906.2542v1},
}

@misc{arxiv_chen2014,
  author = {Zitan Chen and Sidharth Jaggi and Michael Langberg},
  title = {A characterization of the capacity of online (causal) binary channels},
  year = {2014},
  month = 12,
  eprint = {1412.6376v1},
  archivePrefix = {arXiv},
  primaryClass = {cs.IT},
  url = {http://arxiv.org/abs/1412.6376v1},
}

@misc{arxiv_jaffe2020,
  author = {Arthur Jaffe and Boqing Xue},
  title = {The Beginning and the Unfinished Story of the Millennium Prize Problems},
  year = {2020},
  month = 07,
  eprint = {2007.12473v1},
  archivePrefix = {arXiv},
  primaryClass = {math.HO},
  url = {http://arxiv.org/abs/2007.12473v1},
}

@misc{arxiv_gao2010,
  author = {Lei Gao},
  title = {Dictionary for Sparse Representation of Chirp Echo in Broadband Radar},
  year = {2010},
  month = 08,
  eprint = {1008.0178v2},
  archivePrefix = {arXiv},
  primaryClass = {cs.IT},
  url = {http://arxiv.org/abs/1008.0178v2},
}

@misc{arxiv_lloyd2013,
  author = {Seth Lloyd},
  title = {Quantum enigma machines},
  year = {2013},
  month = 07,
  eprint = {1307.0380v1},
  archivePrefix = {arXiv},
  primaryClass = {quant-ph},
  url = {http://arxiv.org/abs/1307.0380v1},
}

@misc{arxiv_rabby2024,
  author = {Gollam Rabby and Sören Auer and Jennifer D'Souza and Allard Oelen},
  title = {Fine-tuning and Prompt Engineering with Cognitive Knowledge Graphs for
  Scholarly Knowledge Organization},
  year = {2024},
  month = 09,
  eprint = {2409.06433v1},
  archivePrefix = {arXiv},
  primaryClass = {cs.DL},
  url = {http://arxiv.org/abs/2409.06433v1},
}

@misc{arxiv_gimnez2016,
  author = {Marcos H. Giménez and Juan C. Castro-Palacio and Juan A. Monsoriu},
  title = {Direct visualization of mechanical beats by means of an oscillating
  smartphone},
  year = {2016},
  month = 05,
  doi = {10.1119/1.5003745},
  eprint = {1605.01291v2},
  archivePrefix = {arXiv},
  primaryClass = {physics.ed-ph},
  url = {http://arxiv.org/abs/1605.01291v2},
}

@misc{arxiv_ndiaye2022,
  author = {Cheikh Birahim Ndiaye},
  title = {Leray-Schauder degree for the resonant Q-curvature problem in even
  dimensions},
  year = {2022},
  month = 06,
  eprint = {2206.12964v1},
  archivePrefix = {arXiv},
  primaryClass = {math.AP},
  url = {http://arxiv.org/abs/2206.12964v1},
}

@misc{arxiv_gu2025,
  author = {Zihan Gu and Ruoyu Chen and Hua Zhang and Yue Hu and Xiaochun Cao},
  title = {Beyond Progress Measures: Theoretical Insights into the Mechanism of
  Grokking},
  year = {2025},
  month = 04,
  eprint = {2504.03162v1},
  archivePrefix = {arXiv},
  primaryClass = {cs.LG},
  url = {http://arxiv.org/abs/2504.03162v1},
}

@article{arxiv_fivel1997,
  author = {Daniel I. Fivel},
  title = {How to Probe for Dynamical Structure in the Collapse of Entangled States
  Using Nuclear Magnetic Resonance},
  year = {1997},
  month = 06,
  journal = {Phys.Lett. A248 (1998) 139-144},
  doi = {10.1016/S0375-9601(98)00661-6},
  eprint = {9706002v2},
  archivePrefix = {arXiv},
  primaryClass = {quant-ph},
  url = {http://arxiv.org/abs/quant-ph/9706002v2},
}

@misc{arxiv_folgado2020,
  author = {Miguel G. Folgado and Veronica Sanz},
  title = {On the interpretation of non-resonant phenomena at colliders},
  year = {2020},
  month = 05,
  eprint = {2005.06492v1},
  archivePrefix = {arXiv},
  primaryClass = {hep-ph},
  url = {http://arxiv.org/abs/2005.06492v1},
}

@article{arxiv_ammari2018,
  author = {Habib Ammari and Brian Fitzpatrick and Hyundae Lee and Erik Orvehed Hiltunen and Sanghyeon Yu},
  title = {Subwavelength resonances of encapsulated bubbles},
  year = {2018},
  month = 10,
  journal = {Journal of Differential Equations, 267(8), 4719-4744, 2019},
  doi = {10.1016/j.jde.2019.05.013},
  eprint = {1810.12756v1},
  archivePrefix = {arXiv},
  primaryClass = {math.AP},
  url = {http://arxiv.org/abs/1810.12756v1},
}

@misc{arxiv_hurwitz2020,
  author = {David Hurwitz},
  title = {From Patterson Maps to Atomic Coordinates: Training a Deep Neural
  Network to Solve the Phase Problem for a Simplified Case},
  year = {2020},
  month = 03,
  eprint = {2003.13767v1},
  archivePrefix = {arXiv},
  primaryClass = {cs.LG},
  url = {http://arxiv.org/abs/2003.13767v1},
}

@misc{arxiv_zhou2025,
  author = {Weiwei Zhou and Chenkun Ling and Zefeng Cai},
  title = {Emotion Recognition with CLIP and Sequential Learning},
  year = {2025},
  month = 03,
  eprint = {2503.09929v1},
  archivePrefix = {arXiv},
  primaryClass = {cs.CV},
  url = {http://arxiv.org/abs/2503.09929v1},
}

@article{arxiv_saw2013,
  author = {Vee-Liem Saw and Lock Yue Chew},
  title = {Helicalised fractals},
  year = {2013},
  month = 06,
  journal = {Chaos, Solitons & Fractals, 75, 191, 2015},
  doi = {10.1016/j.chaos.2015.02.012},
  eprint = {1306.4502v3},
  archivePrefix = {arXiv},
  primaryClass = {nlin.AO},
  url = {http://arxiv.org/abs/1306.4502v3},
}

@misc{arxiv_byrne2020,
  author = {Áine Byrne and John Rinzel and Amitabha Bose},
  title = {Order-indeterminant event-based maps for learning a beat},
  year = {2020},
  month = 05,
  eprint = {2005.06425v1},
  archivePrefix = {arXiv},
  primaryClass = {math.DS},
  url = {http://arxiv.org/abs/2005.06425v1},
}

@misc{arxiv_smith2018,
  author = {Jake A. Smith and Lev Kaplan},
  title = {Approaching near-perfect state discrimination of photonic Bell states
  through the use of unentangled ancilla photons},
  year = {2018},
  month = 02,
  eprint = {1802.10527v1},
  archivePrefix = {arXiv},
  primaryClass = {quant-ph},
  url = {http://arxiv.org/abs/1802.10527v1},
}

@misc{arxiv_selvam2009,
  author = {A. M. Selvam},
  title = {A General Systems Theory for Atmospheric Flows and Atmospheric Aerosol
  Size Distribution},
  year = {2009},
  month = 08,
  eprint = {0908.2321v3},
  archivePrefix = {arXiv},
  primaryClass = {physics.gen-ph},
  url = {http://arxiv.org/abs/0908.2321v3},
}

@misc{arxiv_zhou2024,
  author = {Kun Zhou and You Zhang and Shengkui Zhao and Hao Wang and Zexu Pan and Dianwen Ng and Chong Zhang and Chongjia Ni and Yukun Ma and Trung Hieu Nguyen and Jia Qi Yip and Bin Ma},
  title = {Emotional Dimension Control in Language Model-Based Text-to-Speech:
  Spanning a Broad Spectrum of Human Emotions},
  year = {2024},
  month = 09,
  eprint = {2409.16681v2},
  archivePrefix = {arXiv},
  primaryClass = {eess.AS},
  url = {http://arxiv.org/abs/2409.16681v2},
}

@misc{arxiv_long2025,
  author = {Jianqiao Long and Lei Zhang and Miaowen Wen and Kezhi Wang and Natalio Krasnogor and Jichun Li},
  title = {Towards a Molecular Computer: Enabling Arithmetic Operations in
  Molecular Communication},
  year = {2025},
  month = 02,
  eprint = {2502.20484v1},
  archivePrefix = {arXiv},
  primaryClass = {eess.SP},
  url = {http://arxiv.org/abs/2502.20484v1},
}

@misc{arxiv_zhou2022,
  author = {Kun Zhou and Berrak Sisman and Rajib Rana and B. W. Schuller and Haizhou Li},
  title = {Speech Synthesis with Mixed Emotions},
  year = {2022},
  month = 08,
  eprint = {2208.05890v3},
  archivePrefix = {arXiv},
  primaryClass = {cs.CL},
  url = {http://arxiv.org/abs/2208.05890v3},
}

@article{arxiv_banerjee2002,
  author = {Ayan Banerjee and Dipankar Das and Umakant D. Rapol and Vasant Natarajan},
  title = {Frequency locking of tunable diode lasers to a stabilized ring-cavity
  resonator},
  year = {2002},
  month = 04,
  journal = {Applied Optics vol. 43 (12), pp. 2528-2531 (2004)},
  doi = {10.1364/AO.43.002528},
  eprint = {0204058v1},
  archivePrefix = {arXiv},
  primaryClass = {physics.optics},
  url = {http://arxiv.org/abs/physics/0204058v1},
}

@misc{arxiv_kirilyuk2004,
  author = {Andrei P. Kirilyuk},
  title = {Electron as a Complex-Dynamical Interaction Process},
  year = {2004},
  month = 10,
  eprint = {0410269v1},
  archivePrefix = {arXiv},
  primaryClass = {physics.gen-ph},
  url = {http://arxiv.org/abs/physics/0410269v1},
}

@misc{arxiv_haviv2011,
  author = {Ishay Haviv and Michael Langberg},
  title = {Beating the Gilbert-Varshamov Bound for Online Channels},
  year = {2011},
  month = 01,
  eprint = {1101.1045v1},
  archivePrefix = {arXiv},
  primaryClass = {cs.IT},
  url = {http://arxiv.org/abs/1101.1045v1},
}

@misc{arxiv_unkovi2022,
  author = {Bojan Žunkovič and Enej Ilievski},
  title = {Grokking phase transitions in learning local rules with gradient descent},
  year = {2022},
  month = 10,
  eprint = {2210.15435v1},
  archivePrefix = {arXiv},
  primaryClass = {cond-mat.stat-mech},
  url = {http://arxiv.org/abs/2210.15435v1},
}

@article{arxiv_jiang2013,
  author = {Bin Jiang and Junjun Yin},
  title = {Ht-Index for Quantifying the Fractal or Scaling Structure of Geographic
  Features},
  year = {2013},
  month = 05,
  journal = {Annals of the Association of American Geographers, 2014, 104(3),
  530-541},
  doi = {10.1080/00045608.2013.834239},
  eprint = {1305.0883v4},
  archivePrefix = {arXiv},
  primaryClass = {nlin.AO},
  url = {http://arxiv.org/abs/1305.0883v4},
}

@misc{arxiv_zim2021,
  author = {Md Ziaul Haque Zim and Nimai Chandra Das},
  title = {Object Detection and Ranging for Autonomous Navigation of Mobile Robots},
  year = {2021},
  month = 06,
  doi = {10.13140/RG.2.2.24148.94086},
  eprint = {2106.12701v1},
  archivePrefix = {arXiv},
  primaryClass = {cs.RO},
  url = {http://arxiv.org/abs/2106.12701v1},
}

@article{arxiv_hoffstaetter2004,
  author = {Georg H. Hoffstaetter and Mathias Vogt},
  title = {Strength of Higher-Order Spin-Orbit Resonances},
  year = {2004},
  month = 05,
  journal = {Phys.Rev. E70 (2004) 056501},
  doi = {10.1103/PhysRevE.70.056501},
  eprint = {0405108v1},
  archivePrefix = {arXiv},
  primaryClass = {physics.acc-ph},
  url = {http://arxiv.org/abs/physics/0405108v1},
}

@article{arxiv_cherny2015,
  author = {A. Yu. Cherny and E. M. Anitas and V. A. Osipov and A. I. Kuklin},
  title = {Scattering from surface fractals in terms of composing mass fractals},
  year = {2015},
  month = 07,
  journal = {J. Appl. Cryst. 50, 919-931 (2017)},
  doi = {10.1107/S1600576717005696},
  eprint = {1507.07376v2},
  archivePrefix = {arXiv},
  primaryClass = {cond-mat.stat-mech},
  url = {http://arxiv.org/abs/1507.07376v2},
}

@misc{arxiv_rest2012,
  author = {A. Rest and B. Sinnott and D. L. Welch},
  title = {Light Echoes of Transients and Variables in the Local Universe},
  year = {2012},
  month = 04,
  doi = {10.1071/AS11058},
  eprint = {1204.1341v1},
  archivePrefix = {arXiv},
  primaryClass = {astro-ph.GA},
  url = {http://arxiv.org/abs/1204.1341v1},
}

@article{arxiv_burkart2012,
  author = {Joshua Burkart and Eliot Quataert and Phil Arras and Nevin N. Weinberg},
  title = {Tidal resonance locks in inspiraling white dwarf binaries},
  year = {2012},
  month = 11,
  journal = {2013, MNRAS, 433, 332},
  doi = {10.1093/mnras/stt726},
  eprint = {1211.1393v4},
  archivePrefix = {arXiv},
  primaryClass = {astro-ph.SR},
  url = {http://arxiv.org/abs/1211.1393v4},
}

@misc{arxiv_lei2012,
  author = {Zhen Lei},
  title = {On Axially Symmetric Incompressible Magnetohydrodynamics in Three
  Dimensions},
  year = {2012},
  month = 12,
  eprint = {1212.5968v2},
  archivePrefix = {arXiv},
  primaryClass = {math.AP},
  url = {http://arxiv.org/abs/1212.5968v2},
}

@misc{arxiv_dottori2009,
  author = {P. Grosbol H. Dottori},
  title = {Pattern speed of main spiral arms in NGC 2997: Estimate based on very
  young stellar complexes},
  year = {2009},
  month = 04,
  doi = {10.1051/0004-6361/200911805},
  eprint = {0904.4757v1},
  archivePrefix = {arXiv},
  primaryClass = {astro-ph.GA},
  url = {http://arxiv.org/abs/0904.4757v1},
}

@misc{arxiv_li2020,
  author = {Nanyu Li and Yujuan Si and Di Wang and Tong Liu and Jinrun Yu},
  title = {ECG Beats Fast Classification Base on Sparse Dictionaries},
  year = {2020},
  month = 09,
  eprint = {2009.03792v1},
  archivePrefix = {arXiv},
  primaryClass = {eess.SP},
  url = {http://arxiv.org/abs/2009.03792v1},
}

@misc{arxiv_selvam2004,
  author = {A. M. Selvam},
  title = {Fractal space-time fluctuations: A signature of quantumlike chaos in
  dynamical systems},
  year = {2004},
  month = 08,
  eprint = {0408089v1},
  archivePrefix = {arXiv},
  primaryClass = {physics.gen-ph},
  url = {http://arxiv.org/abs/physics/0408089v1},
}

@misc{arxiv_notsawo2023,
  author = {Pascal Jr. Tikeng Notsawo and Hattie Zhou and Mohammad Pezeshki and Irina Rish and Guillaume Dumas},
  title = {Predicting Grokking Long Before it Happens: A look into the loss
  landscape of models which grok},
  year = {2023},
  month = 06,
  eprint = {2306.13253v3},
  archivePrefix = {arXiv},
  primaryClass = {cs.LG},
  url = {http://arxiv.org/abs/2306.13253v3},
}

@misc{arxiv_akhyar2022,
  author = {Gypsy Akhyar and Yifan Guo and Lihexuan Yuan},
  title = {From boxes to polynomials: a story of generalisation},
  year = {2022},
  month = 03,
  eprint = {2203.00223v1},
  archivePrefix = {arXiv},
  primaryClass = {math.CO},
  url = {http://arxiv.org/abs/2203.00223v1},
}

@misc{arxiv_kuttner2007,
  author = {Fred Kuttner},
  title = {Response to Nauenberg's "Critique of Quantum Enigma: Physics Encounters
  Consciousness"},
  year = {2007},
  month = 10,
  doi = {10.1007/s10701-007-9195-8},
  eprint = {0710.2361v2},
  archivePrefix = {arXiv},
  primaryClass = {quant-ph},
  url = {http://arxiv.org/abs/0710.2361v2},
}

@misc{arxiv_tiwari2019,
  author = {Sunny Tiwari and Chetna Taneja and Vandana Sharma and Adarsh Bhaskara Vasista and Diptabrata Paul and G. V. Pavan Kumar},
  title = {Dielectric microsphere coupled to a plasmonic nanowire: A self-assembled
  hybrid optical antenna},
  year = {2019},
  month = 10,
  eprint = {1910.01878v2},
  archivePrefix = {arXiv},
  primaryClass = {physics.optics},
  url = {http://arxiv.org/abs/1910.01878v2},
}

@misc{arxiv_santos2024,
  author = {Rômulo Damasclin Chaves dos Santos},
  title = {Mathematical Analysis of Regularity, Bifurcations, and Turbulence in
  Fluid Dynamics via Sobolev, Besov, and Triebel-Lizorkin Spaces},
  year = {2024},
  month = 11,
  eprint = {2411.13838v1},
  archivePrefix = {arXiv},
  primaryClass = {math.AP},
  url = {http://arxiv.org/abs/2411.13838v1},
}

@misc{arxiv_markham2023,
  author = {Olivia Markham and Yuhao Chen and Chi-en Amy Tai and Alexander Wong},
  title = {FoodFusion: A Latent Diffusion Model for Realistic Food Image Generation},
  year = {2023},
  month = 12,
  eprint = {2312.03540v1},
  archivePrefix = {arXiv},
  primaryClass = {cs.CV},
  url = {http://arxiv.org/abs/2312.03540v1},
}

@article{arxiv_frasca2021,
  author = {Marco Frasca and Anish Ghoshal},
  title = {Strongly Coupled String-inspired Infinite Derivative Non-local
  Yang-Mills: Diluted Mass Gap},
  year = {2021},
  month = 02,
  journal = {J. High Energ. Phys. 2021, 226 (2021)},
  doi = {10.1007/JHEP07(2021)226},
  eprint = {2102.10665v2},
  archivePrefix = {arXiv},
  primaryClass = {hep-th},
  url = {http://arxiv.org/abs/2102.10665v2},
}
