
@book{terribleBook,
author={Jane Doe},
title="The Book without Title",
publisher={Dummy Publisher},
year={9091}
}