% Sample bibliography entries

% Books
@book{aristotle1984,
  author = {Aristotle},
  title = {The Complete Works of Aristotle: The Revised Oxford Translation},
  editor = {Barnes, J.},
  year = {1984},
  publisher = {Princeton University Press},
  address = {Princeton, NJ}
}

@book{descartes1996,
  author = {Descartes, R.},
  title = {Meditations on First Philosophy},
  year = {1996},
  publisher = {Cambridge University Press},
  address = {Cambridge, UK},
  note = {Translated by J. Cottingham}
}

@book{kant1998,
  author = {Kant, I.},
  title = {Critique of Pure Reason},
  year = {1998},
  publisher = {Cambridge University Press},
  address = {Cambridge, UK},
  note = {Translated by P. Guyer and A. Wood}
}

@book{leibniz1989,
  author = {Leibniz, G. W.},
  title = {Philosophical Essays},
  year = {1989},
  publisher = {Hackett},
  address = {Indianapolis, IN},
  note = {Edited by R. Ariew and D. Garber}
}

@book{popper1959,
  author = {Popper, K.},
  title = {The Logic of Scientific Discovery},
  year = {1959},
  publisher = {Hutchinson},
  address = {London, UK}
}

@book{russell1912,
  author = {Russell, B.},
  title = {The Problems of Philosophy},
  year = {1912},
  publisher = {Oxford University Press},
  address = {Oxford, UK}
}

% Journal articles
@article{mandelbrot1967,
  author = {Mandelbrot, B.},
  title = {How Long Is the Coast of Britain? Statistical Self-Similarity and Fractional Dimension},
  journal = {Science},
  volume = {156},
  number = {3775},
  pages = {636--638},
  year = {1967}
}

@article{einstein1905,
  author = {Einstein, A.},
  title = {Zur Elektrodynamik bewegter K{\"o}rper},
  journal = {Annalen der Physik},
  volume = {322},
  number = {10},
  pages = {891--921},
  year = {1905}
}

@article{planck2018,
  author = {Planck Collaboration},
  title = {Planck 2018 results},
  journal = {Astronomy \& Astrophysics},
  volume = {641},
  pages = {A6},
  year = {2018}
}

% Conference papers
@inproceedings{shannon1949,
  author = {Shannon, C. E.},
  title = {Communication in the Presence of Noise},
  booktitle = {Proceedings of the IRE},
  volume = {37},
  number = {1},
  pages = {10--21},
  year = {1949}
}

% Online resources
@online{millennium2023,
  author = {Clay Mathematics Institute},
  title = {Official Statements on the Millennium Prize Problems},
  year = {2023},
  url = {https://www.claymath.org/millennium-problems},
  urldate = {2023-04-30}
}

% Add custom references below this line
