@article{missing2013,
author={A. Sharma, N. Mehta and I.Sharma},
year={2013},
title={Reasoning with Missing Values in Multi Attribute Datasets},
journal={International Journal of Advanced Research in
Computer Science and Software Engineering},
volume={3},
issue={5},
number={1},
pages={1035 - 1043}
}

@INPROCEEDINGS{Kohavi96,
    author = {Ron Kohavi},
    title = {Scaling Up the Accuracy of Naive-Bayes Classifiers: a Decision-Tree Hybrid},
    booktitle = {Proceedings of the Second International Conference on Knowledge Discovery and Data Mining},
    year = {1996},
    pages = {202--207},
    publisher = {AAAI Press}
}

@INPROCEEDINGS{JRM95,
    author = {James Dougherty and Ron Kohavi and Mehran Sahami},
    title = {Supervised and Unsupervised Discretization of Continuous Features},
    booktitle = {Machine Learning: Proceedings of the Twelth International Conference},
    year = {1995},
    pages = {194--202},
    publisher = {Morgan Kaufmann}
}

@misc{ wikiJ4814,
   author = "Wikipedia",
   title = "C4.5 algorithm --- Wikipedia{,} The Free Encyclopedia",
   year = "2014",
   url = "http://en.wikipedia.org/w/index.php?title=C4.5_algorithm&oldid=608347656",
   note = "[Online; accessed 31-May-2014]"
 }
 
 @misc{ Naive2014,
   author = "Wikipedia",
   title = "Naive Bayes classifier --- Wikipedia{,} The Free Encyclopedia",
   year = "2014",
   url = "http://en.wikipedia.org/w/index.php?title=Naive_Bayes_classifier&oldid=610554118",
   note = "[Online; accessed 31-May-2014]"
 }
 
 @misc{ svm2014,
   author = "Wikipedia",
   title = "Support vector machine --- Wikipedia{,} The Free Encyclopedia",
   year = "2014",
   url = "http://en.wikipedia.org/w/index.php?title=Support_vector_machine&oldid=609061924",
   note = "[Online; accessed 31-May-2014]"
 }